@article{knuth1975analysis,
  title={An analysis of alpha-beta pruning},
  author={Knuth, Donald E and Moore, Ronald W},
  journal={Artificial intelligence},
  volume={6},
  number={4},
  pages={293--326},
  year={1975},
  publisher={Elsevier}
}